@book{GOST-15150-69,
  key = {ГОСТ 15-150-69},
  keywords = {УХЛ},
  title    = {ГОСТ-15150-69},
  abstract = {МАШИНЫ, ПРИБОРЫ И ДРУГИЕ ТЕХНИЧЕСКИЕ ИЗДЕЛИЯ.
ИСПОЛНЕНИЯ ДЛЯ РАЗЛИЧНЫХ КЛИМАТИЧЕСКИХ РАЙОНОВ.
КАТЕГОРИИ, УСЛОВИЯ ЭКСПЛУАТАЦИИ, ХРАНЕНИЯ И ТРАНСПОРТИРОВАНИЯ В ЧАСТИ ВОЗДЕЙСТВИЯ КЛИМАТИЧЕСКИХ ФАКТОВРО ВНЕШЕЙ СРЕДЫ},
  publisher = {Стандартинформ},

}


@Article{Elector521,
  author = 	 {Croiset. O.},
  title = 	 {Super Servo Tester},
  journal = 	 {Elector},
  year = 	 {2023},
  number = 	 {521},
  pages = 	 {6-11},
}

@misc{MULTIPHYSICS-CYCLOPEDIA-FEM,
  title = {Finite Element Analysis (FEA) Software},
  url = { https://www.comsol.com/multiphysics/fea-software?parent=finite-element-method-042-62-22 },
  urldate = {2024-05-07}
}

@misc{archwiki-avr,
  title = {AVR},
  url = {https://wiki.archlinux.org/title/AVR},
  urldate = {2024-11-15}
}

@article{dyakovSUBSTANTIATIONRELIABILITYSERVOMOTORS2023,
  title = {SUBSTANTIATION OF RELIABILITY OF SERVOMOTORS FOR SMALL-SIZED UNMANNED AERIAL VEHICLES},
  author = {Dyakov, D.E. and Likhovidov, D.V. and Velikanov, A.V.},
  date = {2023},
  journaltitle = {Научное обозрение. Технические науки (Scientific Review. Technical Sciences)},
  shortjournal = {НО ТН (SR TS)},
  pages = {5--9},
  issn = {25000799},
  doi = {10.17513/srts.1435},
  url = {https://science-engineering.ru/article/view?id=1435},
  urldate = {2024-04-17},
  abstract = {One of the key tasks in the design of small-sized unmanned aerial vehicles (UAVs) is to ensure acceptable and certifiable reliability indicators for accepted components of commercial off-the-shelf systems (CGS). Ball bearings and sleeve bearings are the most common type of bearings used in engines. Worn bearings, vibration, overcurrent and dirty potentiometers are among the causes of failures, in addition to component wear. The article presents experimental results obtained to quantify the reliability of MBLA servomotors by recording their time to failure in a certain set of test runs. Servos are widely used in modern high-precision control systems for moving objects. The Weibull prediction model is used for quantitative analysis and related key mathematical models and can be applied to a wide range of data. Operating time to failure, number of cycles to failure, mileage to failure, mechanical damage or similar continuous parameters must be recorded for all objects. The methodology adopted for conducting tests and used for the experiment is described. The design elements, their interrelation and the order of operation on an unmanned aerial vehicle are considered in detail.},
  issue = {№3 2023},
  langid = {russian},
}

@Book{Alexeev2013,
  author = 	 {Т.В.Молодечкина, В.Ф. Алексеев, М.О.Молодечкин},
  title = 	 {Физические основы проектирования радиоэлектронных средств},
  publisher = 	 {Новополоцк: Полоцкий госюуниверситет},
  year = 	 {2024-11-25},
}

@online{HeatDissipatedResistors,
  title = {Heat Dissipated by Resistors | Brilliant Math \& Science Wiki},
  url = {https://brilliant.org/wiki/heat-dissipated-by-resistors/},
  urldate = {2024-05-12},
  abstract = {Resistors plays a major role in reducing the current in circuits and therefore protecting circuits from damage resulting from overdraw of current by dissipating the kinetic energy of electrons in current as thermal energy (heat). This is what allows electricity to be useful: the electrical potential energy from the voltage source is converted to kinetic energy of the electrons, which is then transferred to something we wish to power, such as a toaster or a …},

}



@Patent{CN206161814U,
  author = 	 {WANG YUANHANG},
  title = 	 {Servo motor reliability testing system},
  number = 	 {CN206161814U},
  urldate = 	 {2024-11-25},
  url = {https://worldwide.espacenet.com/patent/search?q=pn\%3DCN206161814U},
}


@Patent{CN108106873B,
  title = 	 {Method and system for evaluating reliability test of servo system},
  number = 	 {CN108106873B},
  urldate = 	 {2024-11-25},
  url = {https://worldwide.espacenet.com/patent/search?q=pn\%3DCN108106873B},
}



@Patent{CN118549018A,
  url = {https://worldwide.espacenet.com/patent/search?q=pn\%3DCN118549018A},
  author = 	 {WU FEI; CAI HAIBING; WU ZHAOHUA; ZHANG YOULIANG; ZHANG BIN; ZHUO JIZHI; LV HONGWEI; ZHANG YAOYANG; YUAN TIANCHENG; ZHOU CHUXIANG},
  title = 	 {Testing system for testing performance and reliability of servo motor and testing method thereof},
  number = 	 {CN118549018},
  urldate = 	 {2024-11-25},
}

@book{GOST-R-15.011-96,
  key = {ГОСТ Р 15.011-96},
  keywords = {ПАТЕНТНЫЕ ИССЛЕДОВАНИЯ},
  title    = {ГОСТ Р 15.011-96},
  publisher = {ГОССТАНДАРТ РОССИИ},

}

@Patent{CN213842629U,
  url = {https://worldwide.espacenet.com/patent/search?q=pn\%3DCN213842629U},
  author = 	 {TU GUANGWEI},
  title = 	 {Servo motor test system},
  number = 	 {CN213842629U},
  urldate = 	 {2024-11-26},
}

@Patent{CN210199269U,
  url = {https://worldwide.espacenet.com/patent/search?q=pn\%3DCN210199269U},
  author = 	 {YANG HAIJIANG},
  title = 	 {Servo motor test platform},
  number = 	 {CN210199269U},
  urldate = 	 {2024-11-26},
}


@book{GOST-27.003-2016,
  key = {ГОСТ 27.003-2016},
  title    = {ГОСТ 27.003-2016. Надежность в технике. Состав и общие правила задания требований по надежности},
  publisher = {Стандартинформ},

}

@book{Rotkop1976,
  author = {Л.Л.Роткоп, Ю.Е. Cпокойный},
  title  = {Обеспечение тепловых режимов при конструировании РЭА},
  year   = {1976},
  publisher = {Советское радио},
}

@Book{PirogovaEngineering,
  ALTauthor = 	 {Е.В. Пирогова},
  title = 	 {Проектирование и технология печатных плат},
  publisher = 	 {ФОРУМ: ИНФРА-М},
  year = 	 {2005},

}

@Online{yadro-habr-764056,
  ALTauthor = 	 {Александр Патутинский},
  title = 	 {Проектируем узлы печатной платы с учетом особенностей монтажа при массовом производстве. Подход DFA},
  urldate = 	 {2024-12-01},
  ALTurl = 	 {https://habr.com/ru/companies/yadro/articles/764056/},
}

@Online{платы.рф-монтаж,
  title = 	 {Монтаж печатных плат},
  url = 	 {http://платы.рф/?pcb-mounting},
  urldate = {2024-12-01},
}

@Online{energota-varnish-or-compaund,
  title = {Защитное покрытие печатных плат: лак или компаунд?},
  url = {https://energota.ru/stati/lak_ili_kompaund},
  urldate = {2024-12-01},
}

@book{Dulnev1968,
  author = 	 {Дульнев},
  title = 	 {Теплобмен в радиоэлектронной аппаратуре},
  publisher = 	 {«Энергия»},
  key = {Дульнев 1968},
  year = {1968},
}

@book{ArtOfElectronics2010,
  author = {П.Хоровиц, У.Хилл},
  title = {ИСКУССТВО СХЕМОТЕХНИКИ},
  publisher = {«МИР»},
  key = {искусство схемотехники},
  year = {2010},
}

@online{HeatDissipatedResistors,
  title = {Heat {{Dissipated}} by {{Resistors}} | {{Brilliant Math}} \& {{Science Wiki}} [электронный ресурс]},
  url = {https://brilliant.org/wiki/heat-dissipated-by-resistors/},
  urldate = {2024-05-12},
  abstract = {Resistors plays a major role in reducing the current in circuits and therefore protecting circuits from damage resulting from overdraw of current by dissipating the kinetic energy of electrons in current as thermal energy (heat). This is what allows electricity to be useful: the electrical potential energy from the voltage source is converted to kinetic energy of the electrons, which is then transferred to something we wish to power, such as a toaster or a …},
}

@book{Belyanin2008,
  author = {Л.Н.Белянин},
  title = {КОНСТРУИРОВАНИЕ ПЕЧАТНОГО УЗЛА И ПЕЧАТНОЙ ПЛАТЫ. РАСЧЁТ НАДЕЖНОСТИ.},
  publisher = {Издательство ТПУ},
  year = {2008},
}

@book{Alexeev2011,
  authors = {A.A. Костюкевич, В.М.Бондарик, А.П.Достанко, В.Ф.Алексеев},
  title = {КОНСТРУКИРОВАНИЕ И ТЕХНОЛОГИЯ ЭЛЕКТРОННЫХ СИСТЕМ},
  publisher = {БГУИР},
  year = {2011},
}

@book{Kostukevich2012,
  authors = {A.A. Костюкевич, В.М.Бондарик, А.П.Достанко, В.Ф.Алексеев},
  title = {КОНСТРУИРОВАНИЕ И ТЕХНОЛОГИЯ ЭЛЕКТРОННЫХ СИСТЕМ. КУРСОВОЕ ПРОЕКТИРОВАНИЕ},
  publisher = {БГУИР},
  year = {2012},
}